@phdthesis{dbbe66e459a446a0b6fddf42d3401ccb,
  title     = "A multiscale analysis of the urban heat island effect: from city averaged temperatures to the energy demand of individual buildings",
  abstract  = "Designing the climates of cities",
  author    = "Y. Toparlar",
  note      = "Proefschrift",
  year      = "2018",
  month     = "4",
  day       = "25",
  language  = "English",
  isbn      = "978-90-386-4503-2",
  series    = "Bouwstenen",
  publisher = "Technische Universiteit Eindhoven",
  school    = "Department of Built Environment",
}
