@article{Proks2024.02.16.580649,
	author = {Proks, Martin and Salehin, Nazmus and Brickman, Joshua M.},
	title = {Deep Learning Based Models for Preimplantation Mouse and Human Development},
	elocation-id = {2024.02.16.580649},
	year = {2024},
	doi = {10.1101/2024.02.16.580649},
	publisher = {Cold Spring Harbor Laboratory},
	URL = {https://www.biorxiv.org/content/early/2024/02/16/2024.02.16.580649},
	eprint = {https://www.biorxiv.org/content/early/2024/02/16/2024.02.16.580649.full.pdf},
	journal = {bioRxiv}
}

@article{Gayoso2022,
	author={Gayoso, Adam and Lopez, Romain and Xing, Galen and Boyeau, Pierre and Valiollah Pour Amiri, Valeh and Hong, Justin and Wu, Katherine and Jayasuriya, Michael and   Mehlman, Edouard and Langevin, Maxime and Liu, Yining and Samaran, Jules and Misrachi, Gabriel and Nazaret, Achille and Clivio, Oscar and Xu, Chenling and Ashuach, Tal and Gabitto, Mariano and Lotfollahi, Mohammad and Svensson, Valentine and da Veiga Beltrame, Eduardo and Kleshchevnikov, Vitalii and Talavera-L{\'o}pez, Carlos and Pachter, Lior and Theis, Fabian J. and Streets, Aaron and Jordan, Michael I. and Regier, Jeffrey and Yosef, Nir},
	title={A Python library for probabilistic analysis of single-cell omics data},
	journal={Nature Biotechnology},
	year={2022},
	month={Feb},
	day={07},
	issn={1546-1696},
	doi={10.1038/s41587-021-01206-w},
	url={https://doi.org/10.1038/s41587-021-01206-w}
}

@article{Xu2021,
  title = {Probabilistic harmonization and annotation of single-cell transcriptomics data with deep generative models},
  author = {Chenling Xu and Romain Lopez and Edouard Mehlman and Jeffrey Regier and Michael I. Jordan and Nir Yosef},
  doi = {10.15252/msb.20209620},
  year = {2021},
  month = jan,
  journal = {Molecular Systems Biology},
  volume = {17},
  number = {1},
  publisher = {{EMBO}}
}

@incollection{NIPS2017_7062,
	title = {A Unified Approach to Interpreting Model Predictions},
	author = {Lundberg, Scott M and Lee, Su-In},
	booktitle = {Advances in Neural Information Processing Systems 30},
	editor = {I. Guyon and U. V. Luxburg and S. Bengio and H. Wallach and R. Fergus and S. Vishwanathan and R. Garnett},
	pages = {4765--4774},
	year = {2017},
	publisher = {Curran Associates, Inc.},
	url = {http://papers.nips.cc/paper/7062-a-unified-approach-to-interpreting-model-predictions.pdf}
}